@inproceedings{moor:gttse2007,
  author    = {Oege de Moor and
               Damien Sereni and
               Mathieu Verbaere and
               Elnar Hajiyev and
               Pavel Avgustinov and
               Torbj{\"{o}}rn Ekman and
               Neil Ongkingco and
               Julian Tibble},
  editor    = {Ralf L{\"{a}}mmel and
               Joost Visser and
               Jo{\~{a}}o Saraiva},
  title     = {.QL: Object-Oriented Queries Made Easy},
  booktitle = {Generative and Transformational Techniques in Software Engineering
               II, International Summer School, {GTTSE} 2007, Braga, Portugal, July
               2-7, 2007. Revised Papers},
  series    = {Lecture Notes in Computer Science},
  volume    = {5235},
  pages     = {78--133},
  publisher = {Springer},
  year      = {2007},
  url       = {https://doi.org/10.1007/978-3-540-88643-3\_3},
  doi       = {10.1007/978-3-540-88643-3\_3},
  timestamp = {Sun, 26 Apr 2020 17:09:18 +0200},
  biburl    = {https://dblp.org/rec/conf/gttse/MoorSVHAEOT07.bib},
  bibsource = {dblp computer science bibliography, https://dblp.org}
}

@inproceedings{Santos:2018:ICP,
author = {dos Santos, Rodrigo Magalh\~{a}es and Gerosa, Marco Aur\'{e}lio},
title = {Impacts of Coding Practices on Readability},
year = {2018},
publisher = {Association for Computing Machinery},
address = {New York, NY, USA},
booktitle = {Proceedings of the 26th International Conference on Program Comprehension},
pages = {277–285},
location = {Gothenburg, Sweden},
series = {ICPC ’18}
}



@article{Arnaoudova:2016:LAW,
author = {Arnaoudova, Venera and Di Penta, Massimiliano and Antoniol, Giuliano},
title = {Linguistic Antipatterns: What They Are and How Developers Perceive Them},
year = {2016},
issue_date = {February  2016},
publisher = {Springer},
address = {USA},
volume = {21},
number = {1},
issn = {1382-3256},
url = {https://doi.org/10.1007/s10664-014-9350-8},
doi = {10.1007/s10664-014-9350-8},
journal = {Empirical Softw. Engg.},
month = feb,
pages = {104–158},
}



@article{DBLP:journals/ese/MedeirosLAAKRG19,
  author    = {Fl{\'{a}}vio Medeiros and
               Gabriel Lima and
               Guilherme Amaral and
               Sven Apel and
               Christian K{\"{a}}stner and
               M{\'{a}}rcio Ribeiro and
               Rohit Gheyi},
  title     = {An investigation of misunderstanding code patterns in {C} open-source
               software projects},
  journal   = {Empirical Software Engineering},
  volume    = {24},
  number    = {4},
  pages     = {1693--1726},
  year      = {2019}
}
@inproceedings{DBLP:conf/sigsoft/He19,
  author    = {Hao He},
  title     = {Understanding source code comments at large-scale},
  booktitle = {{ESEC/SIGSOFT} {FSE}},
  pages     = {1217--1219},
  publisher = {{ACM}},
  year      = {2019},
  address = {https://doi.org/10.1145/3338906.3342494},
}
@inproceedings{DBLP:conf/msr/GopsteinZFC18,
  author    = {Dan Gopstein and
               Hongwei Henry Zhou and
               Phyllis G. Frankl and
               Justin Cappos},
  title     = {Prevalence of confusing code in software projects: atoms of confusion
               in the wild},
  booktitle = {{MSR}},
  pages     = {281--291},
  publisher = {{ACM}},
  year      = {2018},
  address = {https://doi.org/10.1145/3196398.3196432},
}
@article{DBLP:journals/cj/Knuth84,
  author    = {Donald E. Knuth},
  title     = {Literate Programming},
  journal   = {Comput. J.},
  volume    = {27},
  number    = {2},
  pages     = {97--111},
  year      = {1984}
}
@book{DBLP:books/daglib/0019908,
  author    = {Martin Fowler},
  title     = {Refactoring - Improving the Design of Existing Code},
  series    = {Addison Wesley object technology series},
  publisher = {Addison-Wesley},
  year      = {1999},
  address = {978-0-201-48567-7},
  pages = {1--431},
}
@book{mcconnell2004code,
  title={Code complete},
  author={McConnell, Steve},
  year={2004},
  publisher={Pearson Education}
}
@inproceedings{DBLP:conf/sigsoft/GopsteinIYDZYC17,
  author    = {Dan Gopstein and
               Jake Iannacone and
               Yu Yan and
               Lois DeLong and
               Yanyan Zhuang and
               Martin K.{-}C. Yeh and
               Justin Cappos},
  title     = {Understanding misunderstandings in source code},
  booktitle = {{ESEC/SIGSOFT} {FSE}},
  pages     = {129--139},
  publisher = {{ACM}},
  year      = {2017},
  address = {https://doi.org/10.1145/3106237.3106264},
}
@inproceedings{DBLP:conf/iwpc/TilleySP96,
  author    = {Scott R. Tilley and
               Dennis B. Smith and
               Santanu Paul},
  title     = {Towards a Framework for Program Understanding},
  booktitle = {{WPC}},
  pages     = {19},
  publisher = {{IEEE} Computer Society},
  year      = {1996},
  address = {DOI: 10.1109/WPC.1996.501117},
}
@article{DBLP:journals/ibmsj/OHareT94,
  author    = {Anthony B. O'Hare and
               E. W. Troan},
  title     = {RE-Analyzer: From Source Code to Structured Analysis},
  journal   = {{IBM} Systems Journal},
  volume    = {33},
  number    = {1},
  pages     = {110--130},
  year      = {1994}
}
@article{castor2018,
  author    = {Fernando Castor},
  title     = {Identifying Confusing Code in Swift Programs},
  journal   = {In Proceedings of the VI CBSoft Workshop on Visualization, Evolution, and Maintenance},
  volume    = {1},
  number    = {6},
  pages     = {1--8},
  year      = {2018}
}
@book{Hunter-Experimenters,
  title={Statistics for experimenters: Design, innovation, and discovery},
  author={George, EP and Hunter, William Gordon and Hunter, J Stuart},
  year={2005},
  publisher={Wiley}
}

@INPROCEEDINGS{BugsJS:ICST,
  author={P. {Gyimesi} and B. {Vancsics} and A. {Stocco} and D. {Mazinanian} and A. {Beszédes} and R. {Ferenc} and A. {Mesbah}},
  booktitle={2019 12th IEEE Conference on Software Testing, Validation and Verification (ICST)}, 
  title={BugsJS: a Benchmark of JavaScript Bugs}, 
  year={2019},
  volume={},
  number={},
  pages={90-101}
}

@ARTICLE{ClientSideBugsJS:TSE,
  author={F. S. {Ocariza} and K. {Bajaj} and K. {Pattabiraman} and A. {Mesbah}},
  journal={IEEE Transactions on Software Engineering},
  title={A Study of Causes and Consequences of Client-Side JavaScript Bugs},
  year={2017},  volume={43},  number={2},  pages={128-144}
}

@article{JSGoodParts:book,
  title={{J}ava{S}cript: {T}he {G}ood {P}arts},
  author={Crockford, Douglas},
  year={2008},
  publisher={" O'Reilly Media, Inc."},
  journal = {O'Reilly},
}

@INPROCEEDINGS{JS-CodeSmells:SCAM,
  author={A. M. {Fard} and A. {Mesbah}},
  booktitle={2013 IEEE 13th International Working Conference on Source Code Analysis and Manipulation (SCAM)},
  title={JSNOSE: Detecting JavaScript Code Smells},
  year={2013},
  pages={116-125}
}

@inproceedings{DynamicBehaviorJS:PLDI,
author = {Richards, Gregor and Lebresne, Sylvain and Burg, Brian and Vitek, Jan},
title = {An Analysis of the Dynamic Behavior of JavaScript Programs},
year = {2010},
isbn = {9781450300193},
publisher = {Association for Computing Machinery},
address = {New York, NY, USA},
url = {https://doi.org/10.1145/1806596.1806598},
doi = {10.1145/1806596.1806598},
booktitle = {Proceedings of the 31st ACM SIGPLAN Conference on Programming Language Design and Implementation},
pages = {1–12},
numpages = {12},
keywords = {dynamic behavior, dynamic metrics, execution tracing, program analysis, javascript},
location = {Toronto, Ontario, Canada},
series = {PLDI ’10}
}

@inproceedings{gyimesi2019bugsjs,
  title={Bugsjs: A benchmark of javascript bugs},
  author={Gyimesi, P{\'e}ter and Vancsics, B{\'e}la and Stocco, Andrea and Mazinanian, Davood and Besz{\'e}des, Arp{\'a}d and Ferenc, Rudolf and Mesbah, Ali},
  booktitle={2019 12th IEEE Conference on Software Testing, Validation and Verification (ICST)},
  pages={90--101},
  year={2019},
  organization={IEEE}
}

@misc{rodriguez2020efficient,
  title={An efficient and scalable platform for Java source code analysis using overlaid graph representations (support material website)},
  author={Rodriguez-Prieto, O and Ortin, F},
  year={2020}
}